@book{wellen:smirnow2,
	author = {Wladimir Iwanowitsch Smirnow},
	title = {Lehrgang der h"oheren Mathematik},
	series = {Lehrgang der h"oheren Mathematik},
	date = {1979},
	language = {german},
	origlanguage = {russian},
	edition = {14},
	volume = {II},
	publisher = {VEB Deutscher Verlag der Wissenschaften}
}
