%
% bibliography file
%
@ARTICLE{trafo:BILImpulse, 
author={J. Smajic and T. Steinmetz and M. RÃ¼egg and Z. Tanasic and R. Obrist and J. Tepper and B. Weber and M. Carlen}, 
journal={IEEE Transactions on Magnetics}, 
title={Simulation and Measurement of Lightning-Impulse Voltage Distributions Over Transformer Windings}, 
year={2014}, 
volume={50}, 
number={2}, 
pages={553-556}, 
keywords={differential equations;electric fields;equivalent circuits;lightning;magnetic fields;transformer windings;voltage measurement;circuit differential equations;dry-type transformer windings;electric field simulations;equivalent circuit;high-frequency modeling;lightning-impulse generator;lightning-impulse voltage distributions measurement;lightning-impulse voltage distributions simulation;magnetic field simulations;nondestructive low-voltage measurement system;parameter extraction;transformer windings;voltage distribution;winding system;Analytical models;Computational modeling;Integrated circuit modeling;Mathematical model;Numerical models;Voltage measurement;Windings;Coils;electromagnetic modeling;impulse testing;numerical simulation;transformers;transients}, 
doi={10.1109/TMAG.2013.2283061}, 
ISSN={0018-9464}, 
month={Feb},}

@unpublished{trafo:SeminarCHR,
author = {Reto Christen},
title = {Hochfrequenzmodellierung und Simulation von
Leistungstransformatoren},
date = {1/4/16},
OPTsubtitle = {Seminararbeit},
}


@book{trafo:Watkins,
  title={Fundamentals of matrix computations, third edition},
  author={Watkins, David S},
  year={2010},
  publisher={John Wiley \& Sons}
}

@online{trafo:SVDWiki,
ALTauthor = {Georg-Johann},
title = {Singular-Value-Decomposition},
date = {06/06/16},
url = {https://commons.wikimedia.org/wiki/File:Singular-Value-Decomposition.svg#metadata},
OPTnote = {modified by R. Christen},
}
