%
% bibliography file
%

@online{sir:chemical_clock,
ALTauthor = {Gabrielle Taylor},
title = {Colorize Colorless Liquids with ``Black'' Magic, AKA the Iodine Clock Reaction},
date = {2012-09-12},
url = {http://science.wonderhowto.com/how-to/classic-chemistry-colorize-colorless-liquids-with-black-magic-aka-iodine-clock-reaction-0139128/}
}
@online{sir:estimating_fatality,
ALTauthor = {Maia Majumder},
title = {Estimating the fatality of the 2014 West African Ebola Outbreak},
date = {2014-09-10},
url = {http://www.healthmap.org/site/diseasedaily/article/estimating-fatality-2014-west-african-ebola-outbreak-91014}
}
@online{sir:ebola_history,
ALTauthor = {Maia Majumder},
title = {CDC - Center for Disease Control and Prevention},
date = {2014-09-10},
url = {http://www.cdc.gov/vhf/ebola/outbreaks/history/chronology.html}
}
@online{sir:zombie_fever,
ALTauthor = {Sarah M. Reehl},
title = {Zombie Fever: Forecasting an Undead Epidemic},
date = {2013-04-10},
url = {http://www.carroll.edu/library/thesisArchive/ReehlS_2013.pdf}
}
@online{sir:when_zombies_attack,
ALTauthor = {Philip Munz, Ioan Hudea, Joe Imad, Robert J. Smith},
title = {When zombies attack!: Mathematical modelling of an outbreak of zombie infection},
date = {2009-10-23},
url = {http://loe.org/images/content/091023/Zombie%20Publication.pdf}
}
@online{sir:modeling_ebola,
title = {Modeling the Spread of Ebola},
url = {http://www.math.washington.edu/~morrow/mcm/mcm15/38725paper.pdf}
}
@book{sir:shaun_of_the_dead, 
title = {Shaun of the Dead},
publisher = {StudioCanal, Working Title, Big Talk Porductions},
author = {Simon Pegg und Nira Park},
year = {2002}
}
