%
% bibliography file
%
@book{licht:astrometry,
	author = {Jean Kovalevsky, Jean and Seidelmann, P. Kenneth},
	title = {Fundamentals of Astrometry},
	publisher = {Cambridge University Press},
	year = {2004},
	language = {english},
}